<record><leader>00000cas a2200000 a 4500</leader><controlfield tag="001">12630576</controlfield><controlfield tag="008">851003d18891948msuwr ne      0    0eng d</controlfield><datafield ind1=" " ind2=" " tag="010"><subfield code="a">sn 85034296 </subfield></datafield><datafield ind1=" " ind2=" " tag="040"><subfield code="a">NPU</subfield><subfield code="b">eng</subfield><subfield code="c">NPU</subfield><subfield code="d">KNP</subfield><subfield code="d">MSJ</subfield><subfield code="d">KNP</subfield><subfield code="d">OCL</subfield><subfield code="d">OCLCQ</subfield></datafield><datafield ind1=" " ind2=" " tag="042"><subfield code="a">msc</subfield></datafield><datafield ind1="0" ind2=" " tag="130"><subfield code="a">Lincoln County times (Brookhaven, Miss. : 1889)</subfield></datafield><datafield ind1="1" ind2="4" tag="245"><subfield code="a">The Lincoln County times.</subfield></datafield><datafield ind1=" " ind2=" " tag="260"><subfield code="a">Brookhaven, Miss. :</subfield><subfield code="b">W.S. &amp; L.H. Bowen</subfield></datafield><datafield ind1=" " ind2=" " tag="300"><subfield code="a">v. ;</subfield><subfield code="c">66 cm.</subfield></datafield><datafield ind1=" " ind2=" " tag="310"><subfield code="a">Weekly</subfield></datafield><datafield ind1="1" ind2=" " tag="362"><subfield code="a">Began in 1889; ceased in 1948.</subfield></datafield><datafield ind1=" " ind2=" " tag="500"><subfield code="a">"Official paper of Lincoln County and of the city of Brookhaven."</subfield></datafield><datafield ind1=" " ind2=" " tag="588"><subfield code="a">Description based on: New ser., v. 1, no. 5 (Jan. 3, 1890).</subfield></datafield><datafield ind1=" " ind2="4" tag="651"><subfield code="a">Brookhaven (Miss.)</subfield><subfield code="v">Newspapers.</subfield></datafield><datafield ind1=" " ind2=" " tag="752"><subfield code="a">United States</subfield><subfield code="b">Mississippi</subfield><subfield code="c">Lincoln</subfield><subfield code="d">Brookhaven.</subfield></datafield><datafield ind1="0" ind2="4" tag="780"><subfield code="t">Brookhaven news (Brookhaven, Miss. : 1887)</subfield><subfield code="w">(DLC)sn 85034297</subfield><subfield code="w">(OCoLC)12630539</subfield></datafield><datafield ind1="0" ind2="4" tag="780"><subfield code="t">Brookhaven progress</subfield></datafield><datafield ind1="0" ind2="7" tag="785"><subfield code="t">Brookhaven leader (Brookhaven, Miss. : 1941)</subfield><subfield code="w">(DLC)sn 86074104</subfield></datafield><datafield ind1="0" ind2="7" tag="785"><subfield code="t">Brookhaven leader-times</subfield><subfield code="w">(DLC)sn 86074059</subfield><subfield code="w">(OCoLC)14867746</subfield></datafield><datafield ind1="1" ind2=" " tag="029"><subfield code="a">AU@</subfield><subfield code="b">000022168025</subfield></datafield></record>